@online{bcp4,
    title = {BlueCrystal technical specifications},
    url = {https://www.bristol.ac.uk/acrc/high-performance-computing/hpc-systems-tech-specs/},
    urldate = {2022-02-19}
}