@online{bcp4,
    title = {BlueCrystal technical specifications},
    url = {https://www.bristol.ac.uk/acrc/high-performance-computing/hpc-systems-tech-specs/},
    urldate = {2022-02-19}
}

@online{icc,
    title = {Alphabetical List of Compiler Options},
    url = {https://www.intel.com/content/www/us/en/develop/documentation/cpp-compiler-developer-guide-and-reference/top/compiler-reference/compiler-options/alphabetical-list-of-compiler-options.html},
    date = {2021-06-12},
    urldate = {2022-02-20}
}

@online{vectorization,
    title = {Using Automatic Vectorization},
    url = {https://www.intel.com/content/www/us/en/develop/documentation/cpp-compiler-developer-guide-and-reference/top/optimization-and-programming-guide/vectorization/automatic-vectorization/using-automatic-vectorization.html},
    date = {2021-06-12},
    urldate = {2022-02-21}
}

@online{lenovo,
    title = {Lenovo NeXtScale nx360 M5 (E5-2600 v4)},
    url = {https://lenovopress.com/lp0094-nextscale-nx360-m5-e5-2600-v4},
    urldate = {2022-02-22}
}

@online{soa,
    title = {Memory Layout Transformations},
    url = {https://www.intel.com/content/www/us/en/developer/articles/technical/memory-layout-transformations.html},
    date = {2019-03-26},
    urldate = {2022-02-22}
}

@online{alignment,
    title = {Data Alignment to Assist Vectorization},
    url = {https://www.intel.com/content/www/us/en/developer/articles/technical/data-alignment-to-assist-vectorization.html},
    date = {2021-01-22},
    urldate = {2022-02-22}
}

@online{openmp_cornell,
    title = {OpenMP: How it Works},
    url = {https://cvw.cac.cornell.edu/openmp/threads},
    utldate = {2022-02-23}
}

@book{numa,
    title = {The Definitive Guide to ARM Cortex-M3 and Cortex-M4 Processors},
    author = {Yiu, Joseph},
    publisher = {Newnes},
    edition = {3rd},
}

@unpublished{numa_bristol,
    title = {OpenMP and Non-Uniform Memory Access (NUMA)},
    author = {Deakin, Tom}
}